<?xml version="1.0" encoding="UTF-8"?>
  <record xmlns="http://www.loc.gov/MARC21/slim" type="Authority">
    <leader>00000nz  a2200000nc 4500</leader>
    <controlfield tag="001">119022397</controlfield>
    <controlfield tag="003">DE-101</controlfield>
    <controlfield tag="005">20220311163858.0</controlfield>
    <controlfield tag="008">920330n||azznnaabn           | aaa    |c</controlfield>
    <datafield tag="024" ind1="7" ind2=" ">
      <subfield code="a">119022397</subfield>
      <subfield code="0">http://d-nb.info/gnd/119022397</subfield>
      <subfield code="2">gnd</subfield>
    </datafield>
    <datafield tag="035" ind1=" " ind2=" ">
      <subfield code="a">(DE-101)119022397</subfield>
    </datafield>
    <datafield tag="035" ind1=" " ind2=" ">
      <subfield code="a">(DE-588)119022397</subfield>
    </datafield>
    <datafield tag="035" ind1=" " ind2=" ">
      <subfield code="z">(DE-588)159697735</subfield>
    </datafield>
    <datafield tag="035" ind1=" " ind2=" ">
      <subfield code="z">(DE-588a)159697735</subfield>
      <subfield code="9">v:zg</subfield>
    </datafield>
    <datafield tag="035" ind1=" " ind2=" ">
      <subfield code="z">(DE-588)188326812</subfield>
    </datafield>
    <datafield tag="035" ind1=" " ind2=" ">
      <subfield code="z">(DE-588)18833730X</subfield>
    </datafield>
    <datafield tag="035" ind1=" " ind2=" ">
      <subfield code="z">(DE-588a)18833730X</subfield>
      <subfield code="9">v:zg</subfield>
    </datafield>
    <datafield tag="035" ind1=" " ind2=" ">
      <subfield code="z">(DE-588a)188326812</subfield>
      <subfield code="9">v:zg</subfield>
    </datafield>
    <datafield tag="035" ind1=" " ind2=" ">
      <subfield code="z">(DE-588)157778339</subfield>
    </datafield>
    <datafield tag="035" ind1=" " ind2=" ">
      <subfield code="z">(DE-588a)157778339</subfield>
      <subfield code="9">v:zg</subfield>
    </datafield>
    <datafield tag="035" ind1=" " ind2=" ">
      <subfield code="z">(DE-588)174306431</subfield>
    </datafield>
    <datafield tag="035" ind1=" " ind2=" ">
      <subfield code="z">(DE-588a)174306431</subfield>
      <subfield code="9">v:zg</subfield>
    </datafield>
    <datafield tag="035" ind1=" " ind2=" ">
      <subfield code="z">(DE-588a)119022397</subfield>
      <subfield code="9">v:zg</subfield>
    </datafield>
    <datafield tag="035" ind1=" " ind2=" ">
      <subfield code="z">(DE-588c)4280452-8</subfield>
      <subfield code="9">v:zg</subfield>
    </datafield>
    <datafield tag="040" ind1=" " ind2=" ">
      <subfield code="a">DE-12</subfield>
      <subfield code="c">DE-12</subfield>
      <subfield code="9">r:DE-12</subfield>
      <subfield code="b">ger</subfield>
      <subfield code="d">9999</subfield>
      <subfield code="e">rda</subfield>
    </datafield>
    <datafield tag="042" ind1=" " ind2=" ">
      <subfield code="a">gnd1</subfield>
    </datafield>
    <datafield tag="043" ind1=" " ind2=" ">
      <subfield code="c">XU</subfield>
    </datafield>
    <datafield tag="065" ind1=" " ind2=" ">
      <subfield code="a">16.5p</subfield>
      <subfield code="2">sswd</subfield>
    </datafield>
    <datafield tag="075" ind1=" " ind2=" ">
      <subfield code="b">p</subfield>
      <subfield code="2">gndgen</subfield>
    </datafield>
    <datafield tag="075" ind1=" " ind2=" ">
      <subfield code="b">piz</subfield>
      <subfield code="2">gndspec</subfield>
    </datafield>
    <datafield tag="079" ind1=" " ind2=" ">
      <subfield code="a">g</subfield>
      <subfield code="q">s</subfield>
      <subfield code="q">f</subfield>
      <subfield code="q">n</subfield>
      <subfield code="u">v</subfield>
      <subfield code="u">w</subfield>
    </datafield>
    <datafield tag="100" ind1="0" ind2=" ">
      <subfield code="a">Konstantin</subfield>
      <subfield code="b">VII.</subfield>
      <subfield code="c">Byzantinisches Reich, Kaiser</subfield>
      <subfield code="d">905-959</subfield>
    </datafield>
    <datafield tag="375" ind1=" " ind2=" ">
      <subfield code="a">1</subfield>
      <subfield code="2">iso5218</subfield>
    </datafield>
    <datafield tag="400" ind1="0" ind2=" ">
      <subfield code="a">Constantinus</subfield>
      <subfield code="b">VII.</subfield>
      <subfield code="c">Byzantinisches Reich, Kaiser</subfield>
      <subfield code="d">905-959</subfield>
    </datafield>
    <datafield tag="400" ind1="0" ind2=" ">
      <subfield code="a">Constantinus</subfield>
      <subfield code="c">Porphyrogennetus</subfield>
      <subfield code="d">905-959</subfield>
    </datafield>
    <datafield tag="400" ind1="0" ind2=" ">
      <subfield code="a">Costantino</subfield>
      <subfield code="c">Porfirogenito</subfield>
      <subfield code="d">905-959</subfield>
    </datafield>
    <datafield tag="400" ind1="0" ind2=" ">
      <subfield code="a">Constantino</subfield>
      <subfield code="c">Porfirogenitus</subfield>
      <subfield code="d">905-959</subfield>
    </datafield>
    <datafield tag="400" ind1="1" ind2=" ">
      <subfield code="a">Porphyrogennetus, Constantinus</subfield>
      <subfield code="d">905-959</subfield>
    </datafield>
    <datafield tag="400" ind1="0" ind2=" ">
      <subfield code="a">Kōnstantinos</subfield>
      <subfield code="c">Porphyrogennētos</subfield>
      <subfield code="d">905-959</subfield>
    </datafield>
    <datafield tag="400" ind1="0" ind2=" ">
      <subfield code="a">Constantinus</subfield>
      <subfield code="c">Porphyrogenetus</subfield>
      <subfield code="d">905-959</subfield>
    </datafield>
    <datafield tag="400" ind1="0" ind2=" ">
      <subfield code="a">Constantinus</subfield>
      <subfield code="c">Caesar</subfield>
      <subfield code="d">905-959</subfield>
    </datafield>
    <datafield tag="400" ind1="0" ind2=" ">
      <subfield code="a">Constantin</subfield>
      <subfield code="c">Cesar</subfield>
      <subfield code="d">905-959</subfield>
    </datafield>
    <datafield tag="400" ind1="1" ind2=" ">
      <subfield code="a">Porphyrogenneta, Constantinus</subfield>
      <subfield code="d">905-959</subfield>
    </datafield>
    <datafield tag="400" ind1="0" ind2=" ">
      <subfield code="a">Constantine</subfield>
      <subfield code="c">Porphyrogenitus</subfield>
      <subfield code="d">905-959</subfield>
    </datafield>
    <datafield tag="400" ind1="0" ind2=" ">
      <subfield code="a">Konstantin</subfield>
      <subfield code="c">Porphyrogennetus</subfield>
      <subfield code="d">905-959</subfield>
    </datafield>
    <datafield tag="400" ind1="0" ind2=" ">
      <subfield code="a">Constantinus</subfield>
      <subfield code="c">Porphyrogenneta</subfield>
      <subfield code="d">905-959</subfield>
    </datafield>
    <datafield tag="400" ind1="0" ind2=" ">
      <subfield code="a">Kōnstantinos</subfield>
      <subfield code="c">ho Porphyrogennētos</subfield>
      <subfield code="d">905-959</subfield>
    </datafield>
    <datafield tag="400" ind1="1" ind2=" ">
      <subfield code="a">Bagrjanorodnyj, Konstantin</subfield>
      <subfield code="d">905-959</subfield>
    </datafield>
    <datafield tag="400" ind1="0" ind2=" ">
      <subfield code="a">Konstantin</subfield>
      <subfield code="c">Bagrjanorodnyj</subfield>
      <subfield code="d">905-959</subfield>
    </datafield>
    <datafield tag="400" ind1="0" ind2=" ">
      <subfield code="a">Kostandin</subfield>
      <subfield code="c">Ciranacin</subfield>
      <subfield code="d">905-959</subfield>
    </datafield>
    <datafield tag="400" ind1="1" ind2=" ">
      <subfield code="a">Ciranacin, Kostandin</subfield>
      <subfield code="d">905-959</subfield>
    </datafield>
    <datafield tag="400" ind1="0" ind2=" ">
      <subfield code="a">Konstantin</subfield>
      <subfield code="c">Porfirorodnyj</subfield>
      <subfield code="d">905-959</subfield>
    </datafield>
    <datafield tag="400" ind1="0" ind2=" ">
      <subfield code="a">Constantin</subfield>
      <subfield code="c">Porphyrogénète</subfield>
      <subfield code="d">905-959</subfield>
    </datafield>
    <datafield tag="400" ind1="0" ind2=" ">
      <subfield code="a">Constantinus</subfield>
      <subfield code="c">Porphyrogenitus, Constantinopol, Imperator</subfield>
      <subfield code="d">905-959</subfield>
    </datafield>
    <datafield tag="400" ind1="0" ind2=" ">
      <subfield code="a">Constantino</subfield>
      <subfield code="c">Porfirogenito</subfield>
      <subfield code="d">905-959</subfield>
    </datafield>
    <datafield tag="400" ind1="0" ind2=" ">
      <subfield code="a">Constantinus</subfield>
      <subfield code="b">VII</subfield>
      <subfield code="c">Kaiser des Byzantinischen Reiches</subfield>
      <subfield code="d">905-959</subfield>
    </datafield>
    <datafield tag="400" ind1="0" ind2=" ">
      <subfield code="a">Konstantin</subfield>
      <subfield code="b">VII</subfield>
      <subfield code="c">Kaiser des Byzantinischen Reiches</subfield>
      <subfield code="d">905-959</subfield>
    </datafield>
    <datafield tag="400" ind1="0" ind2=" ">
      <subfield code="a">Konstantinos</subfield>
      <subfield code="b">VII</subfield>
      <subfield code="c">Kaiser des Byzantinischen Reiches</subfield>
      <subfield code="d">905-959</subfield>
    </datafield>
    <datafield tag="400" ind1="0" ind2=" ">
      <subfield code="a">Constantin</subfield>
      <subfield code="b">VII</subfield>
      <subfield code="c">Kaiser des Byzantinischen Reiches</subfield>
      <subfield code="d">905-959</subfield>
    </datafield>
    <datafield tag="400" ind1="0" ind2=" ">
      <subfield code="a">Constantine</subfield>
      <subfield code="b">VII</subfield>
      <subfield code="c">Kaiser des Byzantinischen Reiches</subfield>
      <subfield code="d">905-959</subfield>
    </datafield>
    <datafield tag="400" ind1="0" ind2=" ">
      <subfield code="a">Constantinus</subfield>
      <subfield code="c">Porphyrogenitus, Kaiser des Byzantinischen Reiches</subfield>
      <subfield code="d">905-959</subfield>
    </datafield>
    <datafield tag="400" ind1="1" ind2=" ">
      <subfield code="a">Porphyrogenitus, Constantinus</subfield>
      <subfield code="c">Kaiser des Byzantinischen Reiches</subfield>
      <subfield code="d">905-959</subfield>
    </datafield>
    <datafield tag="400" ind1="1" ind2=" ">
      <subfield code="a">Porphyrogennetus, Constantinus</subfield>
      <subfield code="c">Kaiser des Byzantinischen Reiches</subfield>
      <subfield code="d">905-959</subfield>
    </datafield>
    <datafield tag="400" ind1="0" ind2=" ">
      <subfield code="a">Konstantinos</subfield>
      <subfield code="c">Porphyrogennetos, Kaiser des Byzantinischen Reiches</subfield>
      <subfield code="d">905-959</subfield>
    </datafield>
    <datafield tag="400" ind1="1" ind2=" ">
      <subfield code="a">Porphyrogennetos, Konstantinos</subfield>
      <subfield code="c">Kaiser des Byzantinischen Reiches</subfield>
      <subfield code="d">905-959</subfield>
    </datafield>
    <datafield tag="400" ind1="0" ind2=" ">
      <subfield code="a">Konstantin</subfield>
      <subfield code="c">Porphyrogennetos, Kaiser des Byzantinischen Reiches</subfield>
      <subfield code="d">905-959</subfield>
    </datafield>
    <datafield tag="400" ind1="0" ind2=" ">
      <subfield code="a">Constantine</subfield>
      <subfield code="c">Porphyrogenitus, Kaiser des Byzantinischen Reiches</subfield>
      <subfield code="d">905-959</subfield>
    </datafield>
    <datafield tag="400" ind1="0" ind2=" ">
      <subfield code="a">Constantin</subfield>
      <subfield code="c">Porphyrogénète, Kaiser des Byzantinischen Reiches</subfield>
      <subfield code="d">905-959</subfield>
    </datafield>
    <datafield tag="400" ind1="0" ind2=" ">
      <subfield code="a">Constantino</subfield>
      <subfield code="c">Porfirogenito, Kaiser des Byzantinischen Reiches</subfield>
      <subfield code="d">905-959</subfield>
    </datafield>
    <datafield tag="400" ind1="0" ind2=" ">
      <subfield code="a">Constantinus</subfield>
      <subfield code="b">VII.</subfield>
      <subfield code="c">Imperium Byzantinum, Imperator</subfield>
      <subfield code="d">905-959</subfield>
    </datafield>
    <datafield tag="400" ind1="0" ind2=" ">
      <subfield code="a">Konstantinos</subfield>
      <subfield code="b">VII.</subfield>
      <subfield code="c">Byzantinisches Reich, Kaiser</subfield>
      <subfield code="d">905-959</subfield>
    </datafield>
    <datafield tag="400" ind1="0" ind2=" ">
      <subfield code="a">Konstantinos</subfield>
      <subfield code="c">Porphyrogennetos</subfield>
      <subfield code="d">905-959</subfield>
    </datafield>
    <datafield tag="400" ind1="0" ind2=" ">
      <subfield code="a">Constantinus</subfield>
      <subfield code="c">Porphyrogenitus</subfield>
      <subfield code="d">905-959</subfield>
    </datafield>
    <datafield tag="400" ind1="0" ind2=" ">
      <subfield code="a">Konstantin</subfield>
      <subfield code="c">Porphyrogennetos</subfield>
      <subfield code="d">905-959</subfield>
    </datafield>
    <datafield tag="400" ind1="0" ind2=" ">
      <subfield code="a">Constantinus</subfield>
      <subfield code="b">VII</subfield>
      <subfield code="c">Kaiser des Byzantinischen Reichs</subfield>
      <subfield code="d">905-959</subfield>
    </datafield>
    <datafield tag="400" ind1="0" ind2=" ">
      <subfield code="a">Konstantin</subfield>
      <subfield code="b">7</subfield>
      <subfield code="c">Byzantinisches Reich, Kaiser</subfield>
      <subfield code="d">905-959</subfield>
    </datafield>
    <datafield tag="400" ind1="0" ind2=" ">
      <subfield code="a">Constantinus</subfield>
      <subfield code="b">VII</subfield>
      <subfield code="c">Imperium Byzantinum</subfield>
      <subfield code="d">905-959</subfield>
    </datafield>
    <datafield tag="400" ind1="0" ind2=" ">
      <subfield code="a">Constantin</subfield>
      <subfield code="b">VII</subfield>
      <subfield code="c">Porphyrogénète</subfield>
      <subfield code="d">905-959</subfield>
    </datafield>
    <datafield tag="400" ind1="0" ind2=" ">
      <subfield code="a">Constantinus</subfield>
      <subfield code="b">VII</subfield>
      <subfield code="c">Imperium Byzantinum, Imperator</subfield>
      <subfield code="d">905-959</subfield>
    </datafield>
    <datafield tag="400" ind1="0" ind2=" ">
      <subfield code="a">Constantinus</subfield>
      <subfield code="b">VII</subfield>
      <subfield code="c">Porphyrogenitus, Kaiser des Byzantinischen Reichs</subfield>
      <subfield code="d">905-959</subfield>
    </datafield>
    <datafield tag="400" ind1="0" ind2=" ">
      <subfield code="a">Constantinus</subfield>
      <subfield code="c">Imperator Porphyrogenitus</subfield>
      <subfield code="d">905-959</subfield>
    </datafield>
    <datafield tag="400" ind1="0" ind2=" ">
      <subfield code="a">Constantinus Augustus</subfield>
      <subfield code="c">Porphyrogennetus</subfield>
      <subfield code="d">905-959</subfield>
    </datafield>
    <datafield tag="400" ind1="1" ind2=" ">
      <subfield code="a">Porfirogenitus, Constantino</subfield>
      <subfield code="d">905-959</subfield>
    </datafield>
    <datafield tag="400" ind1="1" ind2=" ">
      <subfield code="a">Porphyrogenitus, Constantinus</subfield>
      <subfield code="d">905-959</subfield>
    </datafield>
    <datafield tag="400" ind1="0" ind2=" ">
      <subfield code="a">Constantinus Porphyrogenitus</subfield>
      <subfield code="c">Imperator</subfield>
      <subfield code="d">905-959</subfield>
    </datafield>
    <datafield tag="400" ind1="0" ind2=" ">
      <subfield code="a">Constantinus Porphyrogenitus</subfield>
      <subfield code="d">905-959</subfield>
    </datafield>
    <datafield tag="400" ind1="0" ind2=" ">
      <subfield code="a">Constantinus Porphyrogennetos</subfield>
      <subfield code="d">905-959</subfield>
    </datafield>
    <datafield tag="400" ind1="0" ind2=" ">
      <subfield code="a">Constantinus Porphyrogennetus</subfield>
      <subfield code="d">905-959</subfield>
    </datafield>
    <datafield tag="400" ind1="0" ind2=" ">
      <subfield code="a">Constantinus VII. Imperator</subfield>
      <subfield code="d">905-959</subfield>
    </datafield>
    <datafield tag="400" ind1="0" ind2=" ">
      <subfield code="a">Costantino Porfirogenito</subfield>
      <subfield code="d">905-959</subfield>
    </datafield>
    <datafield tag="400" ind1="0" ind2=" ">
      <subfield code="a">Konstantin</subfield>
      <subfield code="b">VII.</subfield>
      <subfield code="c">oströmischer Kaiser</subfield>
      <subfield code="d">905-959</subfield>
    </datafield>
    <datafield tag="400" ind1="0" ind2=" ">
      <subfield code="a">Konstantinos</subfield>
      <subfield code="b">VII.</subfield>
      <subfield code="c">Porphyrogennetos</subfield>
      <subfield code="d">905-959</subfield>
    </datafield>
    <datafield tag="400" ind1="0" ind2=" ">
      <subfield code="a">Konstantinos</subfield>
      <subfield code="b">VII.</subfield>
      <subfield code="c">oströmischer Kaisr</subfield>
      <subfield code="d">905-959</subfield>
    </datafield>
    <datafield tag="500" ind1="0" ind2=" ">
      <subfield code="0">(DE-101)1216731683</subfield>
      <subfield code="0">(DE-588)1216731683</subfield>
      <subfield code="0">https://d-nb.info/gnd/1216731683</subfield>
      <subfield code="a">Romanos</subfield>
      <subfield code="b">II.</subfield>
      <subfield code="c">Byzantinisches Reich, Kaiser</subfield>
      <subfield code="d">938-963</subfield>
      <subfield code="4">bezf</subfield>
      <subfield code="4">https://d-nb.info/standards/elementset/gnd#familialRelationship</subfield>
      <subfield code="w">r</subfield>
      <subfield code="i">Beziehung familiaer</subfield>
      <subfield code="e">Beziehung familiaer</subfield>
      <subfield code="9">v:Sohn</subfield>
    </datafield>
    <datafield tag="548" ind1=" " ind2=" ">
      <subfield code="a">905-959</subfield>
      <subfield code="4">datl</subfield>
      <subfield code="4">https://d-nb.info/standards/elementset/gnd#dateOfBirthAndDeath</subfield>
      <subfield code="w">r</subfield>
      <subfield code="i">Lebensdaten</subfield>
    </datafield>
    <datafield tag="548" ind1=" " ind2=" ">
      <subfield code="a">912-959</subfield>
      <subfield code="4">datw</subfield>
      <subfield code="4">https://d-nb.info/standards/elementset/gnd#periodOfActivity</subfield>
      <subfield code="w">r</subfield>
      <subfield code="i">Wirkungsdaten</subfield>
      <subfield code="9">v:Regierungszeit</subfield>
    </datafield>
    <datafield tag="667" ind1=" " ind2=" ">
      <subfield code="a">12-PMA</subfield>
    </datafield>
    <datafield tag="667" ind1=" " ind2=" ">
      <subfield code="a">12</subfield>
    </datafield>
    <datafield tag="667" ind1=" " ind2=" ">
      <subfield code="a">7</subfield>
    </datafield>
    <datafield tag="667" ind1=" " ind2=" ">
      <subfield code="a">VD-17</subfield>
    </datafield>
    <datafield tag="667" ind1=" " ind2=" ">
      <subfield code="a">Quelle: DNB-Normdaten/KIDS</subfield>
    </datafield>
    <datafield tag="670" ind1=" " ind2=" ">
      <subfield code="a">Tusculum-Lexikon; CSGL; LMA,V,1377/78</subfield>
    </datafield>
    <datafield tag="670" ind1=" " ind2=" ">
      <subfield code="a">B 1986</subfield>
    </datafield>
    <datafield tag="670" ind1=" " ind2=" ">
      <subfield code="a">LCAuth; KIDS</subfield>
    </datafield>
    <datafield tag="670" ind1=" " ind2=" ">
      <subfield code="a">GND</subfield>
    </datafield>
    <datafield tag="672" ind1=" " ind2="0">
      <subfield code="a">Allacci, Leone: Chronici iussu Constantini Porphyrogeniti conscripti a Leone Allatio</subfield>
    </datafield>
    <datafield tag="672" ind1=" " ind2="0">
      <subfield code="a">Opera</subfield>
      <subfield code="f">1617</subfield>
    </datafield>
    <datafield tag="672" ind1=" " ind2="0">
      <subfield code="a">Tactica</subfield>
    </datafield>
    <datafield tag="672" ind1=" " ind2="0">
      <subfield code="a">Libri VIII Basilikōn diataxeōn id *</subfield>
      <subfield code="f">1557</subfield>
    </datafield>
    <datafield tag="672" ind1=" " ind2="0">
      <subfield code="a">De administrando Imperio</subfield>
    </datafield>
    <datafield tag="672" ind1=" " ind2="0">
      <subfield code="a">Excerpta ex collectaneis</subfield>
      <subfield code="f">1634</subfield>
    </datafield>
    <datafield tag="672" ind1=" " ind2="0">
      <subfield code="a">Selectarum praeceptionum de agricultura libri viginti</subfield>
      <subfield code="f">1540</subfield>
    </datafield>
    <datafield tag="672" ind1=" " ind2="0">
      <subfield code="a">Selectarum praeceptionum de agricultura libri viginti</subfield>
      <subfield code="f">1541</subfield>
    </datafield>
    <datafield tag="672" ind1=" " ind2="0">
      <subfield code="a">Les bons enseignements d'agriculture</subfield>
      <subfield code="f">1560</subfield>
    </datafield>
    <datafield tag="672" ind1=" " ind2="0">
      <subfield code="a">Excerpta historica</subfield>
    </datafield>
    <datafield tag="678" ind1=" " ind2=" ">
      <subfield code="b">912 - 959 (Regierungszeit)</subfield>
    </datafield>
    <datafield tag="913" ind1=" " ind2=" ">
      <subfield code="S">pnd</subfield>
      <subfield code="i">5</subfield>
      <subfield code="a">Constantinus &lt;Imperium Byzantinum, Imperator, VII.&gt;</subfield>
      <subfield code="0">(DE-588a)119022397</subfield>
    </datafield>
    <datafield tag="913" ind1=" " ind2=" ">
      <subfield code="S">pnd</subfield>
      <subfield code="i">5</subfield>
      <subfield code="a">Konstantin &lt;Byzantinisches Reich, Kaiser, VII.&gt;</subfield>
      <subfield code="0">(DE-588a)119022397</subfield>
    </datafield>
    <datafield tag="913" ind1=" " ind2=" ">
      <subfield code="S">pnd</subfield>
      <subfield code="i">5</subfield>
      <subfield code="a">Constantinus &lt;Byzantinisches Reich, Kaiser, &amp;nsb;VII.&amp;nse; 7&gt;</subfield>
      <subfield code="0">(DE-588a)174306431</subfield>
    </datafield>
    <datafield tag="913" ind1=" " ind2=" ">
      <subfield code="S">pnd</subfield>
      <subfield code="i">5</subfield>
      <subfield code="a">Constantinus VII. Imperator</subfield>
      <subfield code="0">(DE-588a)157778339</subfield>
    </datafield>
    <datafield tag="913" ind1=" " ind2=" ">
      <subfield code="S">pnd</subfield>
      <subfield code="i">5</subfield>
      <subfield code="a">Constantinus &lt;Imperium Byzantinum, Imperator, Vii.&gt;</subfield>
      <subfield code="0">(DE-588a)188326812</subfield>
    </datafield>
    <datafield tag="913" ind1=" " ind2=" ">
      <subfield code="S">pnd</subfield>
      <subfield code="i">5</subfield>
      <subfield code="a">Constantinus &lt;Imperium Byzantinum, Imperator, Vii.&gt;</subfield>
      <subfield code="0">(DE-588a)18833730X</subfield>
    </datafield>
    <datafield tag="913" ind1=" " ind2=" ">
      <subfield code="S">pnd</subfield>
      <subfield code="i">5</subfield>
      <subfield code="a">Constantine &lt;VII Porphyrogenitus&gt;</subfield>
      <subfield code="0">(DE-588a)159697735</subfield>
    </datafield>
  </record>
